<?xml version="1.0" encoding="UTF-8"?><collection xmlns="http://www.loc.gov/MARC21/slim"><record><leader>00666nam--2200181-i-4500</leader><controlfield tag="001">000013716</controlfield><controlfield tag="002">20161230</controlfield><controlfield tag="005">20161230201030</controlfield><controlfield tag="008">060222s1000------------r-----000-0-eng-d</controlfield><datafield ind1=" " ind2=" " tag="040"><subfield code="a">IFIN-HH</subfield></datafield><datafield ind1=" " ind2=" " tag="080"><subfield code="a">621.375.826:533.9(061.3)</subfield></datafield><datafield ind1="1" ind2=" " tag="100"><subfield code="a">Cairns,R.A./S.A.</subfield></datafield><datafield ind1="1" ind2="0" tag="245"><subfield code="a">Laser-plasma interactions</subfield><subfield code="b">Proccedings of the Twentieth Scottish Universities Summer School in Physics, St. Andrews, August 1979. A NATO Advances Study Institute</subfield><subfield code="c">R.A. CAIRNS, J.J. SANDERSON (Eds.)</subfield></datafield><datafield ind1=" " ind2=" " tag="260"><subfield code="a">Edinburgh,Scottish Universities Summer School In Physics, 1980</subfield></datafield><datafield ind1=" " ind2=" " tag="300"><subfield code="a">/DIF.P./+837 P</subfield></datafield><datafield ind1=" " ind2=" " tag="490"><subfield code="a">Proceedings</subfield></datafield><datafield ind1=" " ind2=" " tag="852"><subfield code="a">49270</subfield><subfield code="c">533.9</subfield></datafield><datafield ind1=" " ind2=" " tag="CAT"><subfield code="a">Sys</subfield><subfield code="c">20100929</subfield><subfield code="h">154932</subfield></datafield></record></collection>